@article{Kalogirou2015,
  author  = {Kalogirou, A. and Keaveny, E. E. and Papageorgiou, D. T.},
  title   = {An in-depth numerical study of the two-dimensional {Kuramoto-Sivashinsky} equation},
  journal = {Proc. R. Soc. A},
  volume  = {471},
  number  = {20140932},
  year    = {2015},
  doi     = {http://doi.org/10.1098/rspa.2014.0932}
}